@article{imagej,
  Author = {Schindelin, J. and Arganda-Carreras, I. and Frise and others},
	Date = {2012/06/28},
	Day = {28},
	Journal = {Nature Methods},
	L3 = {10.1038/nmeth.2019; https://www.nature.com/articles/nmeth.2019#supplementary-information},
	M3 = {Perspective},
	Month = {06},
	Pages = {676},
	Publisher = {Nature Publishing Group, a division of Macmillan Publishers Limited. All Rights Reserved.},
	Title = {Fiji: an open-source platform for biological-image analysis},
	Ty = {JOUR},
	Url = {http://dx.doi.org/10.1038/nmeth.2019},
	Volume = {9},
	Year = {2012},
	Bdsk-Url-1 = {http://dx.doi.org/10.1038/nmeth.2019}}


@article{megdesign,
      author         = "Baldini, A. M. and others",
      title          = "{The design of the MEG II experiment}",
      year           = "2018",
      eprint         = "1801.04688",
      archivePrefix  = "arXiv",
      primaryClass   = "physics.ins-det",
      SLACcitation   = "%%CITATION = ARXIV:1801.04688;%%"
}

@article{meg1result,
      author         = "Baldini, A. M. and others",
      title          = "{Search for the lepton flavour violating decay $\mu ^+
                        \rightarrow \mathrm {e}^+ \gamma $ with the full dataset
                        of the MEG experiment}",
      collaboration  = "MEG",
      journal        = "Eur. Phys. J.",
      volume         = "C76",
      year           = "2016",
      number         = "8",
      pages          = "434",
      doi            = "10.1140/epjc/s10052-016-4271-x",
      eprint         = "1605.05081",
      archivePrefix  = "arXiv",
      primaryClass   = "hep-ex",
      SLACcitation   = "%%CITATION = ARXIV:1605.05081;%%"
}

@article{megproposal,
      author         = "Baldini, A. M. and others",
      title          = "{MEG Upgrade Proposal}",
      year           = "2013",
      eprint         = "1301.7225",
      archivePrefix  = "arXiv",
      primaryClass   = "physics.ins-det",
      SLACcitation   = "%%CITATION = ARXIV:1301.7225;%%"
}

@electronic{faro,
 author = {},
 title = {{FARO} portable coordinate measuring machines.},
 url = {https://www.faro.com/products/},
 urldate = {},
 originalyear = {}
}


@article{megexperiment,
  Author = {Adam, J. and others},
	Date = {2013/04/03},
	Doi = {10.1140/epjc/s10052-013-2365-2},
	Id = {Adam2013},
	Isbn = {1434-6052},
	Journal = {The European Physical Journal C},
	Number = {4},
	Pages = {2365},
	Title = {The MEG detector for $\mu \rightarrow e + \gamma$ decay search},
	Ty = {JOUR},
	Url = {https://doi.org/10.1140/epjc/s10052-013-2365-2},
	Volume = {73},
	Year = {2013},
	Bdsk-Url-1 = {https://doi.org/10.1140/epjc/s10052-013-2365-2}
}

@article{lhcsusy1,
      author         = "Aaboud, Morad and others",
      title          = "{Search for supersymmetry in final states with two
                        same-sign or three leptons and jets using 36 fb$^{-1}$ of
                        $\sqrt{s}=13$ TeV $pp$ collision data with the ATLAS
                        detector}",
      collaboration  = "ATLAS",
      journal        = "JHEP",
      volume         = "09",
      year           = "2017",
      pages          = "084",
      doi            = "10.1007/JHEP09(2017)084",
      eprint         = "1706.03731",
      archivePrefix  = "arXiv",
      primaryClass   = "hep-ex",
      reportNumber   = "CERN-EP-2017-108",
      SLACcitation   = "%%CITATION = ARXIV:1706.03731;%%"
}

@article{lhcsusy2,
      author         = "Sirunyan, Albert M and others",
      title          = "{Search for Supersymmetry in $pp$ Collisions at
                        $\sqrt{s}=13\text{ }\text{ }\mathrm{TeV}$ in the
                        Single-Lepton Final State Using the Sum of Masses of
                        Large-Radius Jets}",
      collaboration  = "CMS",
      journal        = "Phys. Rev. Lett.",
      volume         = "119",
      year           = "2017",
      number         = "15",
      pages          = "151802",
      doi            = "10.1103/PhysRevLett.119.151802",
      eprint         = "1705.04673",
      archivePrefix  = "arXiv",
      primaryClass   = "hep-ex",
      reportNumber   = "CMS-SUS-16-037, CERN-EP-2017-088",
      SLACcitation   = "%%CITATION = ARXIV:1705.04673;%%"
}

@article{lhcclfv1,
      author         = "Aad, Georges and others",
      title          = "{Search for the lepton flavor violating decay Z$\rightarrow$e$\mu$ 
                         in
                        pp collisions at $\sqrt{s} = $8~TeV with the ATLAS
                        detector}",
      collaboration  = "ATLAS",
      journal        = "Phys. Rev.",
      volume         = "D90",
      year           = "2014",
      number         = "7",
      pages          = "072010",
      doi            = "10.1103/PhysRevD.90.072010",
      eprint         = "1408.5774",
      archivePrefix  = "arXiv",
      primaryClass   = "hep-ex",
      reportNumber   = "CERN-PH-EP-2014-195",
      SLACcitation   = "%%CITATION = ARXIV:1408.5774;%%"
}

@article{lhcclfv2,
      author         = "Aad, Georges and others",
      title          = "{Search for a Heavy Neutral Particle Decaying to $e\mu$,
                        $e\tau$, or $\mu\tau$ in $pp$ Collisions at $\sqrt{s}=8$
                        TeV with the ATLAS Detector}",
      collaboration  = "ATLAS",
      journal        = "Phys. Rev. Lett.",
      volume         = "115",
      year           = "2015",
      number         = "3",
      pages          = "031801",
      doi            = "10.1103/PhysRevLett.115.031801",
      eprint         = "1503.04430",
      archivePrefix  = "arXiv",
      primaryClass   = "hep-ex",
      reportNumber   = "CERN-PH-EP-2015-028",
      SLACcitation   = "%%CITATION = ARXIV:1503.04430;%%"
}
